
@book{nielsen_quantum_2010,
	address = {Cambridge ; New York},
	edition = {10th anniversary ed},
	title = {Quantum computation and quantum information},
	isbn = {9781107002173},
	publisher = {Cambridge University Press},
	author = {Nielsen, Michael A. and Chuang, Isaac L.},
	year = {2010},
	keywords = {Quantum computers},
}

@article{yugra_constraints_2022,
	title = {Constraints between concurrence and polarization for mixed states subjected to open system dynamics},
	volume = {105},
	issn = {2469-9926, 2469-9934},
	url = {https://link.aps.org/doi/10.1103/PhysRevA.105.063710},
	doi = {10.1103/PhysRevA.105.063710},
	language = {en},
	number = {6},
	urldate = {2023-07-17},
	journal = {Physical Review A},
	author = {Yugra, Y. and Montenegro, C. and De Zela, F.},
	month = jun,
	year = {2022},
	pages = {063710},
}

@misc{Qiskit,
    author = {{Qiskit contributors}},
    title = {Qiskit: An Open-source Framework for Quantum Computing},
    year = {2023},
    doi = {10.5281/zenodo.2573505}
}
